<record><leader>01710nam a2200457 i 4500</leader><controlfield tag="001">6720407</controlfield><controlfield tag="003">OCoLC</controlfield><controlfield tag="005">20141105093112.0</controlfield><controlfield tag="006">m     o  d        </controlfield><controlfield tag="007">cr cnu---unuuu</controlfield><controlfield tag="008">140917s2015    gw      ob    000 0 eng d</controlfield><datafield ind1=" " ind2=" " tag="020"><subfield code="a">9789401792769 (electronic bk.)</subfield></datafield><datafield ind1=" " ind2=" " tag="020"><subfield code="a">9401792763 (electronic bk.)</subfield></datafield><datafield ind1=" " ind2=" " tag="020"><subfield code="z">9789401792752</subfield></datafield><datafield ind1=" " ind2=" " tag="035"><subfield code="a">ocn890709907</subfield></datafield><datafield ind1=" " ind2=" " tag="039"><subfield code="a">exclude</subfield></datafield><datafield ind1=" " ind2=" " tag="040"><subfield code="a">N$T</subfield><subfield code="b">eng</subfield><subfield code="e">rda</subfield><subfield code="e">pn</subfield><subfield code="c">N$T</subfield><subfield code="d">GW5XE</subfield><subfield code="d">YDXCP</subfield><subfield code="d">AEU</subfield></datafield><datafield ind1=" " ind2=" " tag="043"><subfield code="a">aw-----</subfield></datafield><datafield ind1=" " ind2="4" tag="050"><subfield code="a">QK99.M628</subfield></datafield><datafield ind1="0" ind2="4" tag="082"><subfield code="a">581.6340956</subfield><subfield code="2">23</subfield></datafield><datafield ind1=" " ind2=" " tag="090"><subfield code="a">Internet Access</subfield><subfield code="b">AEU</subfield></datafield><datafield ind1="0" ind2="0" tag="245"><subfield code="a">Medicinal and aromatic plants of the Middle-East /</subfield><subfield code="c">Zohara Yaniv, Nativ Dudai, editors.</subfield></datafield><datafield ind1=" " ind2="1" tag="264"><subfield code="a">Heidelberg :</subfield><subfield code="b">Springer,</subfield><subfield code="c">[2015]</subfield></datafield><datafield ind1=" " ind2="4" tag="264"><subfield code="c">&#169;2015</subfield></datafield><datafield ind1=" " ind2=" " tag="300"><subfield code="a">1 online resource.</subfield></datafield><datafield ind1=" " ind2=" " tag="336"><subfield code="a">text</subfield><subfield code="b">txt</subfield><subfield code="2">rdacontent</subfield></datafield><datafield ind1=" " ind2=" " tag="337"><subfield code="a">computer</subfield><subfield code="b">c</subfield><subfield code="2">rdamedia</subfield></datafield><datafield ind1=" " ind2=" " tag="338"><subfield code="a">online resource</subfield><subfield code="b">cr</subfield><subfield code="2">rdacarrier</subfield></datafield><datafield ind1="1" ind2=" " tag="490"><subfield code="a">Medicinal and aromatic plants of the world ;</subfield><subfield code="v">v. 2</subfield></datafield><datafield ind1=" " ind2=" " tag="504"><subfield code="a">Includes bibliographical references.</subfield></datafield><datafield ind1=" " ind2=" " tag="506"><subfield code="a">Access restricted to authorized users and institutions.</subfield></datafield><datafield ind1="0" ind2=" " tag="588"><subfield code="a">Online resource; title from PDF title page (Ebsco, viewed Sept. 17, 2014).</subfield></datafield><datafield ind1=" " ind2=" " tag="596"><subfield code="a">44</subfield></datafield><datafield ind1=" " ind2="0" tag="650"><subfield code="a">Medicinal plants</subfield><subfield code="z">Middle East.</subfield></datafield><datafield ind1=" " ind2="0" tag="650"><subfield code="a">Aromatic plants</subfield><subfield code="z">Middle East.</subfield></datafield><datafield ind1="1" ind2=" " tag="700"><subfield code="a">Yaniv, Zohara,</subfield><subfield code="e">editor.</subfield></datafield><datafield ind1="1" ind2=" " tag="700"><subfield code="a">Dudai, N.</subfield><subfield code="q">(Nativ),</subfield><subfield code="e">editor.</subfield></datafield><datafield ind1=" " ind2="0" tag="830"><subfield code="a">Medicinal and aromatic plants of the world ;</subfield><subfield code="v">v. 2.</subfield></datafield><datafield ind1="4" ind2="0" tag="856"><subfield code="3">University of Alberta Access</subfield><subfield code="u">http://dx.doi.org/10.1007/978-94-017-9276-9</subfield><subfield code="z">(Unlimited Concurrent Users)</subfield></datafield><datafield ind1=" " ind2=" " tag="949"><subfield code="h">UAIN</subfield><subfield code="z">SPRINGER</subfield></datafield><datafield ind1=" " ind2=" " tag="926"><subfield code="a">Internet Access</subfield><subfield code="w">LC</subfield><subfield code="c">1</subfield><subfield code="i">6720407-1001</subfield><subfield code="l">INTERNET</subfield><subfield code="m">UAINTERNET</subfield><subfield code="r">Y</subfield><subfield code="s">Y</subfield><subfield code="t">E-RESOURCE</subfield><subfield code="u">11/6/2014</subfield><subfield code="x">E-BOOK</subfield><subfield code="z">SPRINGER</subfield></datafield></record>